@inproceedings{Cao:2012:YYP,
 author = {Cao, Ting and Blackburn, Stephen M and Gao, Tiejun and McKinley, Kathryn S},
 title = {The yin and yang of power and performance for asymmetric hardware and managed software},
 booktitle = {Proceedings of the 39th Annual International Symposium on Computer Architecture},
 series = {ISCA '12},
 year = {2012},
 isbn = {978-1-4503-1642-2},
 location = {Portland, Oregon},
 pages = {225--236},
 numpages = {12},
 url = {http://dl.acm.org/citation.cfm?id=2337159.2337185},
 acmid = {2337185},
 publisher = {IEEE Computer Society},
 address = {Washington, DC, USA},
} 

@incollection{Moore:2000:CMC,
 author = {Moore, Gordon E.},
 chapter = {Cramming more components onto integrated circuits},
 title = {Readings in computer architecture},
 editor = {Hill, Mark D. and Jouppi, Norman P. and Sohi, Gurindar S.},
 year = {2000},
 isbn = {1-55860-539-8},
 pages = {56--59},
 numpages = {4},
 url = {http://dl.acm.org/citation.cfm?id=333067.333074},
 acmid = {333074},
 publisher = {Morgan Kaufmann Publishers Inc.},
 address = {San Francisco, CA, USA},
} 

@article{Intel:2008,
 publisher = {Intel Coorporation},
 title = {Intel turbo boost technology in Intel core microarchitecture (Nehalem) based processors},
 year = {2008}
}
@book{android,
 author = {Burnette, Ed},
 title = {Hello, Android: Introducing Google's Mobile Development Platform},
 year = {2009},
 isbn = {1934356492, 9781934356494},
 edition = {2nd},
 publisher = {Pragmatic Bookshelf},
} 